<?xml version="1.0" encoding="UTF-8"?><record xmlns="http://www.loc.gov/MARC21/slim" xmlns:cinclude="http://apache.org/cocoon/include/1.0" xmlns:zs="http://www.loc.gov/zing/srw/">
  <leader>00502nz  a2200145n  4500</leader>
  <controlfield tag="001">n  94069850 </controlfield>
  <controlfield tag="003">DLC</controlfield>
  <controlfield tag="005">19940721105534.4</controlfield>
  <controlfield tag="008">940721n| acannaab|          |a ana |||  </controlfield>
  <datafield tag="010" ind1=" " ind2=" ">
    <subfield code="a">n  94069850 </subfield>
  </datafield>
  <datafield tag="040" ind1=" " ind2=" ">
    <subfield code="a">DLC</subfield>
    <subfield code="c">DLC</subfield>
  </datafield>
  <datafield tag="110" ind1="2" ind2="0">
    <subfield code="a">Henderson All Stars</subfield>
  </datafield>
  <datafield tag="410" ind1="2" ind2="0">
    <subfield code="a">Fletcher Henderson All-Stars</subfield>
  </datafield>
  <datafield tag="500" ind1="1" ind2="0">
    <subfield code="a">Henderson, Fletcher,</subfield>
    <subfield code="d">1897-1952</subfield>
  </datafield>
  <datafield tag="670" ind1=" " ind2=" ">
    <subfield code="a">Coleman Hawkins, Rex Stewart, Ben Webster and the Henderson All Stars [SR] 196-?:</subfield>
    <subfield code="b">label (Henderson All Stars) ; container (Fletcher Henderson All-Stars)</subfield>
  </datafield>
</record>